

@ONLINE{LangDef,
author = {Doe, Ringo},
title = {This is a test entry of type {@ONLINE}},
month = jun,
year = {2009},
url = {http://www.test.org/doe/}
}, 

@ONLINE{Lang,
title = {Definition of LANGUAGE},
month = may,
year = {2017},
url = {https://www.merriam-webster.com/dictionary/language}
}
