%% LaTeX2e file `ref.bib'
%% generated by the `filecontents' environment
%% from source `BSProjectReport' on 2017/07/17.
%%
@article{dey2014algorithm,
  title={Algorithm for Multi-Hand Finger Counting: An Easy Approach},
  author={Dey, Sumit Kumar and Anand, Shubham},
  journal={arXiv preprint arXiv:1404.2742},
  year={2014}
}
@article{chen2003hand,
  title={Hand gesture recognition using a real-time tracking method and hidden Markov models},
  author={Chen, Feng-Sheng and Fu, Chih-Ming and Huang, Chung-Lin},
  journal={Image and vision computing},
  volume={21},
  number={8},
  pages={745--758},
  year={2003},
  publisher={Elsevier}
}

@article{banerjee2014mouse,
  title={Mouse control using a web camera based on colour detection},
  author={Banerjee, Abhik and Ghosh, Abhirup and Bharadwaj, Koustuvmoni and Saikia, Hemanta},
  journal={arXiv preprint arXiv:1403.4722},
  year={2014}
}
@ONLINE {opencvdoc2017,
    author = {OpenCVdoc},
    title  = {cvtColor},
    month  = {jul},
    year   = {2017},
    url    = {http://docs.opencv.org/2.4/modules/imgproc/doc/miscellaneous\_transformations.html}
}
