@article{greenwade93,
    author  = "George D. Greenwade",
    title   = "The {C}omprehensive {T}ex {A}rchive {N}etwork ({CTAN})",
    year    = "1993",
    journal = "TUGBoat",
    volume  = "14",
    number  = "3",
    pages   = "342--351"
}

@article{kumar14,
	author = "Sumit Kumar Dey and Shubham Anand",
	title = "{A}LGORITHM FOR {M}ULTI-HAND {F}INGER {C}OUNTING : AN EASY APPROACH ({AMFC})",
	year = "2014",
	journal = "Advances in Vision Computing",
	volume = "1",
	number = "1"
}

@misc{lang,
author = "",
title = "", 
year = "2017",
url = "https://www.merriam-webster.com/dictionary/language"
}